@Unpublished{wikiecon,
author = {Unknown},
title = {Economics},
note = {From Wikipedia, to which we should not ever refer.},
OPTkey = {•},
OPTmonth = {•},
year = {2013},
OPTannote = {•}
}
